 @misc{sakay_2021,
  title     = {Did sars-COV-2 hit Europe earlier than we thought?},
  url       = {https://www.medicalnewstoday.com/articles/sars-cov-2s-spread-was-the-virus-circulating-in-europe-before-it-was-found-in-china#Studies-that-challenge-the-current-notion},
  journal   = {Medical News Today},
  publisher = {MediLexicon International},
  author    = {Sakay, Yasemin Nicola},
  year      = {2021},
  month     = {Sep}
} 